@article{gym,
author = {DellaVigna, Stefano and Malmendier, Ulrike},
year = {2006},
month = {02},
pages = {694-719},
title = {Paying Not to Go to the Gym},
volume = {96},
journal = {American Economic Review},
doi = {10.1257/aer.96.3.694}
}