
@manual{comm,
 URL = {https://ssrn.com/abstract=3439171},
 author = {Carrera, Mariana and Royer, Heather and Stehr, Mark and Sydnor, Justin R. and Taubinsky, Dmitry},
 organization = {NBER Working Paper No. w26161},
 title = {Who Chooses Commitment? Evidence and Welfare Implications},
 year = {2019}
}

@article{gymm,
 ISSN = {00251909, 15265501},
 URL = {http://www.jstor.org/stable/24551076},
 author = {Acland, Dan and Levy, M},
 journal = {Management Science},
 number = {1},
 pages = {146--160},
 publisher = {INFORMS},
 title = {Naiveté, Projection Bias, and Habit Formation in Gym Attendance},
 volume = {61},
 year = {2015}
}

@article{gym,
author = {DellaVigna, Stefano and Malmendier, Ulrike},
year = {2006},
month = {02},
pages = {694-719},
title = {Paying Not to Go to the Gym},
volume = {96},
journal = {American Economic Review},
doi = {10.1257/aer.96.3.694}
}

@article{hed,
  title={Hedonism: Subjective rationality and the explanation of social behavior},
  author={Moore, Andrew},
  journal={The Stanford Encyclopedia of Philosophy (Winter 2019 Edition)},
  URL={https://plato.stanford.edu/archives/win2019/entries/hedonism/},
  year={2019},
  editor={Edward N. Zalta}
}

@article{boudon,
  title={Subjective rationality and the explanation of social behavior},
  author={Boudon, Raymond},
  journal={Rationality and society},
  volume={1},
  number={2},
  pages={173--196},
  year={1989},
  publisher={SAGE Publications}
}

@article{cole,
  title={Rational organization},
  author={Coleman, James S},
  journal={Rationality and society},
  volume={2},
  number={1},
  pages={94--105},
  year={1990},
  publisher={Sage Publications}
}

@article{sen,
 ISSN = {00483915, 10884963},
 URL = {http://www.jstor.org/stable/2264946},
 author = {Amartya K. Sen},
 journal = {Philosophy & Public Affairs},
 number = {4},
 pages = {317--344},
 publisher = {Wiley},
 title = {Rational Fools: A Critique of the Behavioral Foundations of Economic Theory},
 volume = {6},
 year = {1977}
}

@book{math,
  title={A transition to advanced mathematics},
  author={Smith, Douglas and Eggen, Maurice and Andre, Richard St},
  year={2014},
  publisher={Cengage Learning}
}

@book{fry,
  title={Mastering Public Administration: From Max Weber to Dwight Waldo},
  author={Fry, Brian R and Raadschelders, Jos CN},
  year={2013},
  publisher={CQ Press}
}

@article{types,
  title={Are there many types of rationality},
  author={Demeulenaere, Pierre},
  journal={Papers. Revista de Sociologia},
  volume={99},
  number={4},
  pages={515--528},
  year={2014}
}

@article{kroneberg,
  title={Rational choice theory and empirical research: Methodological and theoretical contributions in Europe},
  author={Kroneberg, Clemens and Kalter, Frank},
  journal={Annual review of sociology},
  volume={38},
  pages={73--92},
  year={2012},
  publisher={Annual Reviews}
}

@book{aristotle, 
  place={Cambridge}, 
  title={Aristotle on the Definition of What It Is to Be Human}, 
  DOI={10.1017/9781108131643.002}, 
  booktitle={Aristotle's Anthropology}, 
  publisher={Cambridge University Press}, 
  author={Kietzmann, Christian}, 
  editor={Keil, Geert and Kreft, Nora}, 
  year={2019}, 
  pages={25–43}
  }

 @book{weber,  
  title={Economy and Society}, 
  publisher={Berkeley: University of California Press, 1968}, 
  author={Weber, Max}, 
  editor={Guenther Roth, and Claus, Wittich}, 
  year={1922}, 
  }

@Manual{parsons,
    title = {The Structure of Social Action},
    organization = {New York: Free Press},
    author = {Parsons, Talcott},
    year = {1937}
  }



@Manual{Texevier,
    title = {{Texevier}: {P}ackage to create Elsevier templates for Rmarkdown},
    author = {N.F. Katzke},
    organization = {Bureau for Economic Research},
    address = {Stellenbosch, South Africa},
    note = {version 0.1.2},
    year = {2017},
  }

@article{regr,
  title = {Behavioral economics implementation: Regret lottery improves mHealth patient study adherence},
  journal = {Contemporary Clinical Trials Communications},
  volume = {15},
  pages = {100387},
  year = {2019},
  issn = {2451-8654},
  doi = {https://doi.org/10.1016/j.conctc.2019.100387},
  url = {https://www.sciencedirect.com/science/article/pii/S2451865419300092},
  author = {S. Ali Husain and Keith M. Diaz and Joseph E. Schwartz and Faith E. Parsons and Matthew M. Burg and Karina W. Davidson and Ian M. Kronish}
 }

@Manual{who,
    title = {WHO Coronavirus (COVID-19) Dashboard},
    author = {{World Health Organisation}},
    year = {2021},
    URL = {https://covid19.who.int/table}
  }

@Manual{cram,
    title = {A shot in the arm for South Africa - increased openness to accepting a COVID-19 vaccine: Evidence from NIDS-CRAM Waves 4 and 5},
    author = {Burger, R and Maughan-Brown, B and Köhler, T and English, R and Tameris, M},
    year = {2021},
    URL = {https://cramsurvey.org/reports/},
    organization = {National Income Dynamics Study (NIDS) – Coronavirus Rapid Mobile Survey (CRAM)}
}

@Manual{evds,
    title = {Electronic Vaccination Data System (EVDS) Self Registration Portal},
    author = {{Republic of South Africa}},
    year = {2021},
    URL = {https://www.gov.za/covid-19/vaccine/evds}
    }

@Manual{sah,
    title = {MEDIA RELEASE ON THE APPROVAL PROCESS OF COVID VACCINES},
    author = {{South African Health Products Regulatory Authority}},
    year = {2021},
    URL = {https://www.sahpra.org.za/wp-content/uploads/2021/07/SAHPRA-CovidVaccineApproval_Media-Release_1July2021_FINAL.pdf}
}

@Manual{lotto,
    title = {2019 Integrated Report},
    author = {{National Lotteries Commission}},
    year = {2019},
    URL = {http://www.nlcsa.org.za/ir/ir2019/NLC_ir2019/downloads/nlc-full.pdf#view=Fit}
}

@Manual{gamble,
    title = {National Gambling Statistics: Casinos, Bingo, Limited Pay-out Machines and Betting on Horse Racing and Sport offered by Bookmakers and Totalisators. Audited Statistics:2019/20 Financial Year},
    author = {{National Gambling Board}},
    year = {2020},
    URL = {https://www.ngb.org.za/SiteResources/documents/2020-21/Stats%20Presentation%20FY2019-20%20pdf.pdf}
}

@article{khan,
  author = {Tversky, Amos and Kahneman, D },
  title = {Judgment under Uncertainty: Heuristics and Biases},
  journal = {Science},
  volume = {185},
  number = {4157},
  pages = {1124-1131},
  year = {1974},
  doi = {10.1126/science.185.4157.1124},
  URL = {https://www.science.org/doi/abs/10.1126/science.185.4157.1124}
}

@book{fast,
  title={Thinking, fast and slow},
  author={Kahneman, Daniel},
  year={2011},
  publisher={Macmillan}
}
  }

  @article{prospect,
  title={Prospect theory: An analysis of decision under risk},
  author={Kahneman, D and Tversky, Amos},
  journal={Econometrica},
  volume={47},
  number={2},
  pages={263--291},
  year={1979}
}

@article{immun,
author = {Fontanet, Arnaud and Cauchemez, Simon},
year = {2020},
month = {09},
title = {COVID-19 herd immunity: where are we?},
volume = {20},
pages = {583-584},
journal = {Nature reviews. Immunology},
doi = {10.1038/s41577-020-00451-5}
}

@book{nudge,
author = {Thaler, RH and Sunstein, CR},
year = {2008},
title = {Nudge: Improving Decisions about Health, Wealth, and Happiness.},
publisher = {New Haven, CT: Yale University Press}
}

@article{rabin,
  title={A perspective on psychology and economics},
  author={Rabin, Matthew},
  journal={European economic review},
  volume={46},
  number={4-5},
  pages={657--685},
  year={2002},
  publisher={Elsevier}
}

@article{flu,
  title={Applying Insights From Behavioral Economics to Policy
Design},
  author={Madrian, B},
  address = {New York: National Bureau of Economic Research},
  year={2014},
  URL = {http://dx.doi.org/10.3386/w20318}
}

@article{health,
author = {Loewenstein, George and Asch, David and Friedman, Joelle and Melichar, Lori and Volpp, Kevin},
year = {2012},
month = {05},
pages = {e3482},
title = {Can behavioural economics make us healthier?},
volume = {344},
journal = {BMJ (Clinical research ed.)},
doi = {10.1136/bmj.e3482}
}

@article{opt,
    author = {Chapman, Gretchen B. and Li, Meng and Colby, Helen and Yoon, Haewon},
    title = {Opting In vs Opting Out of Influenza Vaccination},
    journal = {JAMA},
    volume = {304},
    number = {1},
    pages = {43-44},
    year = {2010},
    month = {07},
    issn = {0098-7484},
    doi = {10.1001/jama.2010.892},
    url = {https://doi.org/10.1001/jama.2010.892},
    eprint = {https://jamanetwork.com/journals/jama/articlepdf/186162/jlt0707\_43\_44.pdf},
}

@article{hiv,
Author = {Björkman Nyqvist, Martina and Corno, Lucia and de Walque, Damien and Svensson, Jakob},
Title = {Incentivizing Safer Sexual Behavior: Evidence from a Lottery Experiment on HIV Prevention},
Journal = {American Economic Journal: Applied Economics},
Volume = {10},
Number = {3},
Year = {2018},
Month = {July},
Pages = {287-314},
DOI = {10.1257/app.20160469},
URL = {https://www.aeaweb.org/articles?id=10.1257/app.20160469}
}

@article{ref,
 ISSN = {00335533, 15314650},
 URL = {http://www.jstor.org/stable/2937956},
 author = {Amos Tversky and Daniel Kahneman},
 journal = {The Quarterly Journal of Economics},
 number = {4},
 pages = {1039--1061},
 publisher = {Oxford University Press},
 title = {Loss Aversion in Riskless Choice: A Reference-Dependent Model},
 volume = {106},
 year = {1991}
}

@article{regret,
  title={Regret avoidance and risk tolerance},
  author={Bailey, Jeffrey J and Kinerson, Chris},
  journal={Journal of Financial Counseling and Planning},
  volume={16},
  number={1},
  pages={23},
  year={2005},
  publisher={Association for Financial Counseling and Planning Education}
}

@article{ohio,
    author = {Walkey, Allan J. and Law, Anica and Bosch, Nicholas A.},
    title = {Lottery-Based Incentive in Ohio and COVID-19 Vaccination Rates},
    journal = {JAMA},
    volume = {326},
    number = {8},
    pages = {766-767},
    year = {2021},
    month = {08},
    issn = {0098-7484},
    doi = {10.1001/jama.2021.11048},
    url = {https://doi.org/10.1001/jama.2021.11048},
    eprint = {https://jamanetwork.com/journals/jama/articlepdf/2781792/jama\_walkey\_2021\_ld\_210044\_1629733365.35069.pdf},
}

@article{statsa,
  author = {{Statistics South Africa}},
    title = {Gross domestic product Fourth quarter 2019: STATISTICAL RELEASE P0441},
    year= {2020},
    URL = {https://www.statssa.gov.za/publications/P0441/P04414thQuarter2019.pdf}
}

@article{decide,
author = {Noel T. Brewer and Gretchen B. Chapman and Alexander J. Rothman and Julie Leask and Allison Kempe},
title ={Increasing Vaccination: Putting Psychological Science Into Action},
journal = {Psychological Science in the Public Interest},
volume = {18},
number = {3},
pages = {149-207},
year = {2017},
doi = {10.1177/1529100618760521},
    note ={PMID: 29611455},
URL = {https://doi.org/10.1177/1529100618760521}
        }

@article{rand,
  title={In pursuit of balance: Randomization in practice in development field experiments},
  author={Bruhn, Miriam and McKenzie, David},
  journal={American economic journal: applied economics},
  volume={1},
  number={4},
  pages={200--232},
  year={2009}
}
